@misc{codeac,
  title = {{Code Analysis Center} Center for Orbit Determination in Europe},
  howpublished = {\url{http://www.aiub.unibe.ch/content/research/satellite_geodesy/code___research/index_eng.html}}
}

@book{Bernese,
  title     = {Bernese GNSS Software Version 5.2},
  editor    = {Dach, Rolf and Lutz, Simon and Walser, Peter and Fridez, Pierre},
  year      = {2015},
  publisher = {University of Bern, Bern Open Publishing},
  doi       = {10.7892/boris.72297},
  url       = {http://www.bernese.unibe.ch/docs/DOCU52.pdf}
}

@article{PRIDE,
  author    = {Geng, Jianghui and Chen, Xingyu and Pan, Yuanxin and Mao, Shuyin and Li, Chenghong and Zhou, Jinning and Zhang, Kunlun},
  title     = {{PRIDE PPP-AR}: An open-source software for {GPS} {PPP} ambiguity resolution},
  journal   = {GPS Solutions},
  year      = {2019},
  volume    = {23},
  number    = {91},
  pages     = {1--10},
  doi       = {10.1007/s10291-019-0888-1},
  url       = {https://doi.org/10.1007/s10291-019-0888-1}
}

@article{GipsyX,
  author    = {Bertiger, W. and Bar-Sever, Y. and Dorsey, A. and Haines, B. and Harvey, N. and Hemberger, D. and Heflin, M. and Lu, W. and Miller, M. and Moore, A. W. and Murphy, D. and Ries, P. and Romans, L. and Sibois, A. and Sibthorpe, A. and Szilagyi, B. and Vallisneri, M. and Willis, P.},
  title     = {{GipsyX/RTGx}, a new tool set for space geodetic operations and research},
  journal   = {Advances in Space Research},
  year      = {2020},
  volume    = {66},
  number    = {3},
  pages     = {469--489},
  doi       = {10.1016/j.asr.2020.04.015},
  url       = {https://doi.org/10.1016/j.asr.2020.04.015}
}

@misc{igb14,
  author        = {P. Rebischung},
  title         = {Switch to IGb14 reference frame},
  howpublished  = {IGSMAIL [7921], \url{https://lists.igs.org/pipermail/igsmail/2020/007917.html}},
  year          = {2020}
}

@article{gmt,
author = {Wessel, P. and Luis, J. F. and Uieda, L. and Scharroo, R. and Wobbe, F. and Smith, W. H. F. and Tian, D.},
title = {The Generic Mapping Tools Version 6},
journal = {Geochemistry, Geophysics, Geosystems},
volume = {20},
number = {11},
pages = {5556-5564},
doi = {10.1029/2019GC008515},
url = {https://agupubs.onlinelibrary.wiley.com/doi/abs/10.1029/2019GC008515},
eprint = {https://agupubs.onlinelibrary.wiley.com/doi/pdf/10.1029/2019GC008515},
year = {2019}
}

@techreport{etopo1,
  author = {Amante, C. and Eakins, B. W.},
  title = {ETOPO1 1 Arc-Minute Global Relief Model: Procedures, Data Sources and Analysis},
  institution = {National Geophysical Data Center, NOAA},
  year = {2009},
  number = {NOAA Technical Memorandum NESDIS NGDC-24},
  doi = {10.7289/V5C8276M},
  url = {https://doi.org/10.7289/V5C8276M}
}

@dataset{noafaults,
  author       = {Athanassios Ganas},
  title        = {NOAFAULTS  KMZ layer Version 6.0},
  month        = aug,
  year         = 2024,
  publisher    = {Zenodo},
  version      = {version 6.0},
  doi          = {10.5281/zenodo.13168947},
  url          = {https://doi.org/10.5281/zenodo.13168947},
}     

@article{kreemer14,
author = {Kreemer, C. and Blewitt, G. and Klein, E.C.},
title = {A geodetic plate motion and Global Strain Rate Model},
journal = {Geochemistry, Geophysics, Geosystems},
volume = {15},
pages = {3849-3889},
doi = {10.1002/2014GC005407},
url = {https://doi.org/10.1002/2014GC0054075},
year = {2014}
}


@article{straintool,
author = {Anastasiou, D. and Papanikolaou, X. and Ganas, A. and Paradissis .D},
title = {StrainTool: A software package to estimate strain tensor parameters (v1.0-r1)},
journal = {Zenodo},
doi = {10.5281/zenodo.1297565},
url = {https://doi.org/10.5281/zenodo.1297565},
year = {2021}
}

@article {papoutsis,
author = {Papoutsis, I. and Papanikolaou, X. and Floyd, M. and Ji, K. H. and Kontoes, C. and Paradissis, D. and Zacharis, V.},
title = {Mapping inflation at Santorini volcano, Greece, using GPS and InSAR},
journal = {Geophysical Research Letters},
volume = {40},
number = {2},
issn = {1944-8007},
url = {http://dx.doi.org/10.1029/2012GL054137},
doi = {10.1029/2012GL054137},
pages = {267--272},
keywords = {Santorini, SBAS, PSI, GPS, Inflation},
year = {2013},
}

@article {anastasioukef,
author = {Anastasiou, D. and Chouliaras, G. and Papanikolaou, X. and Marinou, A. and Zacharis, V. and Galanis, J. and Drakatos, G.},
title = {Geodetic and seismological analysis of the January 26, 2014 Cephalonia Island earthquake sequence},
journal = {26th General Assembly of the IUGG,Prague, Czech Republic, 22/6 - 2/7.},
year = {2014},
}

@Article{Bos2012,
  author    = {M. S. Bos and R. M. S. Fernandes and S. D. P. Williams and L. Bastos},
  journal   = {Journal of Geodesy},
  title     = {Fast error analysis of continuous {GNSS} observations with missing data},
  year      = {2012},
  month     = {dec},
  number    = {4},
  pages     = {351--360},
  volume    = {87},
  doi       = {10.1007/s00190-012-0605-0},
  publisher = {Springer Science and Business Media {LLC}},
}
