@misc{codeac,
  title = {{Code Analysis Center} Center for Orbit Determination in Europe},
  howpublished = {\url{http://www.aiub.unibe.ch/content/research/satellite_geodesy/code___research/index_eng.html}}
}

@book{bernese,
    title = {Bernese GPS Software Version 5.0},
    publisher = {Astronomical Institute, University of Bern},
    author = {Dach, R. and Hugentobler, U. and Fridez, P. and Meindl, M.},
    year = {2007}
}

@misc{igb14,
  author        = {P. Rebischung},
  title         = {Switch to IGb14 reference frame},
  howpublished  = {IGSMAIL [7921], \url{https://lists.igs.org/pipermail/igsmail/2020/007917.html}},
  year          = {2020}
}

@article{gmt,
author = {Wessel, P. and Luis, J. F. and Uieda, L. and Scharroo, R. and Wobbe, F. and Smith, W. H. F. and Tian, D.},
title = {The Generic Mapping Tools Version 6},
journal = {Geochemistry, Geophysics, Geosystems},
volume = {20},
number = {11},
pages = {5556-5564},
doi = {10.1029/2019GC008515},
url = {https://agupubs.onlinelibrary.wiley.com/doi/abs/10.1029/2019GC008515},
eprint = {https://agupubs.onlinelibrary.wiley.com/doi/pdf/10.1029/2019GC008515},
year = {2019}
}



@article{kreemer14,
author = {Kreemer, C. and Blewitt, G. and Klein, E.C.},
title = {A geodetic plate motion and Global Strain Rate Model},
journal = {Geochemistry, Geophysics, Geosystems},
volume = {15},
pages = {3849-3889},
doi = {10.1002/2014GC005407},
url = {https://doi.org/10.1002/2014GC0054075},
year = {2014}
}


@article{straintool,
author = {Anastasiou, D. and Papanikolaou, X. and Ganas, A. and Paradissis .D},
title = {StrainTool: A software package to estimate strain tensor parameters (v1.0-r1)},
journal = {Zenodo},
doi = {10.5281/zenodo.1297565},
url = {https://doi.org/10.5281/zenodo.1297565},
year = {2021}
}

@article{papoutsis,
author = {Papoutsis, I. and Papanikolaou, X. and Floyd, M. and Ji, K. H. and Kontoes, C. and Paradissis, D. and Zacharis, V.},
title = {Mapping inflation at Santorini volcano, Greece, using GPS and InSAR},
journal = {Geophysical Research Letters},
volume = {40},
number = {2},
issn = {1944-8007},
url = {http://dx.doi.org/10.1029/2012GL054137},
doi = {10.1029/2012GL054137},
pages = {267--272},
keywords = {Santorini, SBAS, PSI, GPS, Inflation},
year = {2013},
}

@article{anastasioukef,
author = {Anastasiou, D. and Chouliaras, G. and Papanikolaou, X. and Marinou, A. and Zacharis, V. and Galanis, J. and Drakatos, G.},
title = {Geodetic and seismological analysis of the January 26, 2014 Cephalonia Island earthquake sequence},
journal = {26th General Assembly of the IUGG,Prague, Czech Republic, 22/6 - 2/7.},
year = {2014},
}

@Comment{jabref-meta: databaseType:bibtex;}

Anastasiou D., Chouliaras G., Papanikolaou X., Marinou A., Zacharis V., Galanis J., Drakatos G.,
Paradissis D. (2015) Geodetic and seismological analysis of the January 26, 2014 Cephalonia
Island earthquake sequence. 26th General Assembly of the IUGG,Prague, Czech Republic, 22/6 - 2/7.


Anastasiou D., Papanikolaou X., Ganas A. and Paradissis .D (2021). StrainTool: A software package to estimate strain tensor parameters (v1.0-r1). Zenodo. DOI: 10.5281/zenodo.1297565
