
@misc{codeac,
  title = {{Code Analysis Center} Center for Orbit Determination in Europe},
  howpublished = {\url{http://www.aiub.unibe.ch/content/research/satellite_geodesy/code___research/index_eng.html}}
}

@book{bernese,
    title = {Bernese GPS Software Version 5.0},
    publisher = {Astronomical Institute, University of Bern},
    author = {Dach R. and Hugentobler U. and Fridez P. and Meindl M.},
    year = {2007}
}

@misc{igb14,
  author        = {P. Rebischung},
  title         = {Switch to IGb14 reference frame},
  howpublished  = {IGSMAIL [7921], \url{https://lists.igs.org/pipermail/igsmail/2020/007917.html}},
  year          = {2020}
}

@misc{gsac,
  author        = {UNAVCO},
  title         = {GSAC, Geodetic Seamless Archive Centers: Open-source Software for Geodesy Data Repositories},
  howpublished  = {\url{https://www.unavco.org/software/data-management/gsac/gsac.html}},
  note          = {Accessed: 2015-03-30}
}

@article {GRL:GRL50066,
author = {Papoutsis, I. and Papanikolaou, X. and Floyd, M. and Ji, K. H. and Kontoes, C. and Paradissis, D. and Zacharis, V.},
title = {Mapping inflation at Santorini volcano, Greece, using GPS and InSAR},
journal = {Geophysical Research Letters},
volume = {40},
number = {2},
issn = {1944-8007},
url = {http://dx.doi.org/10.1029/2012GL054137},
doi = {10.1029/2012GL054137},
pages = {267--272},
keywords = {Santorini, SBAS, PSI, GPS, Inflation},
year = {2013},
}


@misc{dsoseismo,
  author        = {Dionysos Satellite Observatory},
  title         = {South Aegean Geodynamic And Tsunami Monitoring Platform},
  howpublished  = {\url{http://dionysos.survey.ntua.gr/seismo/index.html/}},
  note          = {Accessed: 2015-06-20}
}

@article{gmt,
author = {Wessel, P. and Luis, J. F. and Uieda, L. and Scharroo, R. and Wobbe, F. and Smith, W. H. F. and Tian, D.},
title = {The Generic Mapping Tools Version 6},
journal = {Geochemistry, Geophysics, Geosystems},
volume = {20},
number = {11},
pages = {5556-5564},
doi = {10.1029/2019GC008515},
url = {https://agupubs.onlinelibrary.wiley.com/doi/abs/10.1029/2019GC008515},
eprint = {https://agupubs.onlinelibrary.wiley.com/doi/pdf/10.1029/2019GC008515},
year = {2019}
}

