@Article{Billiris1991,
    author={Billiris, H. and Paradissis, D. and Veis, G. and England, P. and Featherstone, W. and Parsons, B. and Cross, P. and Rands, P. and Rayson, M. and Sellers, P. and Ashkenazi, V. and Davison, M. and Jackson, J. and Ambraseys, N.},
    title={Geodetic determination of tectonic deformation in central Greece from 1900 to 1988},
    journal={Nature},
    year={1991},
    month={Mar},
    day={14},
    volume={350},
    number={6314},
    pages={124-129},
    doi={10.1038/350124a0},
    url={http://dx.doi.org/10.1038/350124a0}
}

@article {JGRB11137,
    author = {Davies, R. and England, P. and Parsons, B. and Billiris, H. and Paradissis, D. and Veis, G.},
    title = {Geodetic strain of Greece in the interval 1892–1992},
    journal = {Journal of Geophysical Research: Solid Earth},
    volume = {102},
    number = {B11},
    issn = {2156-2202},
    url = {http://dx.doi.org/10.1029/97JB01644},
    doi = {10.1029/97JB01644},
    pages = {24571--24588},
    keywords = {Geodesy and Gravity: Crustal movements—intraplate},
    year = {1997},
}

@article{Cocard199939,
    title = "New constraints on the rapid crustal motion of the Aegean region: recent results inferred from \{GPS\} measurements (1993–1998) across the West Hellenic Arc, Greece ",
    journal = "Earth and Planetary Science Letters ",
    volume = "172",
    number = "1–2",
    pages = "39 - 47",
    year = "1999",
    note = "",
    issn = "0012-821X",
    doi = "http://dx.doi.org/10.1016/S0012-821X(99)00185-5",
    url = "http://www.sciencedirect.com/science/article/pii/S0012821X99001855",
    author = "M Cocard and H.-G. Kahle and Y Peter and A. Geiger and G. Veis and S. Felekis and D. Paradissis and H. Billiris",
    keywords = "helium Arc",
    keywords = "Greece",
    keywords = "crustal shortening "
}

@article {JGRB12107,
    author = {McClusky, S. and Balassanian, S. and Barka, A. and Demir, C. and Ergintav, S. and Georgiev, I. and Gurkan, O. and Hamburger, M. and Hurst, K. and Kahle, H. and Kastens, K. and Kekelidze, G. and King, R. and Kotzev, V. and Lenk, O. and Mahmoud, S. and Mishin, A. and Nadariya, M. and Ouzounis, A. and Paradissis, D. and Peter, Y. and Prilepin, M. and Reilinger, R. and Sanli, I. and Seeger, H. and Tealeb, A. and Toksoz, M. N. and Veis, G.},
    title = {Global Positioning System constraints on plate kinematics and dynamics in the eastern Mediterranean and Caucasus},
    journal = {Journal of Geophysical Research: Solid Earth},
    volume = {105},
    number = {B3},
    issn = {2156-2202},
    url = {http://dx.doi.org/10.1029/1999JB900351},
    doi = {10.1029/1999JB900351},
    pages = {5695--5719},
    keywords = {Geodesy and Gravity: Crustal movements—interplate, Geodesy and Gravity: Crustal movements—intraplate, Space geodetic surveys, Tectonophysics: Continental tectonics—general},
    year = {2000}
}

@article{Reilinger201022,
    title = "Geodetic constraints on the tectonic evolution of the Aegean region and strain accumulation along the Hellenic subduction zone ",
    journal = "Tectonophysics ",
    volume = "488",
    number = "1–4",
    pages = "22 - 30",
    year = "2010",
    note = "Extensional Tectonics in the Basin and Range, the Aegean, and Western Anatolia ",
    issn = "0040-1951",
    doi = "http://dx.doi.org/10.1016/j.tecto.2009.05.027",
    url = "http://www.sciencedirect.com/science/article/pii/S0040195109003175",
    author = "Robert Reilinger and Simon McClusky and Demitris Paradissis and Semih Ergintav and Philippe Vernant",
    keywords = "Aegean neotectonics",
    keywords = "Global Positioning System",
    keywords = "Geodynamics",
    keywords = "Earthquake hazards "
}

@article {JGRB16426,
    author = {Floyd, M. A. and Billiris, H. and Paradissis, D. and Veis, G. and Avallone, A. and Briole, P. and McClusky, S. and Nocquet, J.-M. and Palamartchouk, K. and Parsons, B. and England, P. C.},
    title = {A new velocity field for Greece: Implications for the kinematics and dynamics of the Aegean},
    journal = {Journal of Geophysical Research: Solid Earth},
    volume = {115},
    number = {B10},
    issn = {2156-2202},
    url = {http://dx.doi.org/10.1029/2009JB007040},
    doi = {10.1029/2009JB007040},
    pages = {n/a--n/a},
    keywords = {Tectonic deformation, Continental neotectonics, Continental tectonics: extensional, Continental tectonics: strike-slip and transform, tectonophysics, Aegean, GPS},
    year = {2010},
    note = {B10403},
}

@Article{Parks2012,
    author={Parks, Michelle M. and Biggs, Juliet and England, Philip and Mather, Tamsin A. and Nomikou, Paraskevi and Palamartchouk, Kirill and Papanikolaou, Xanthos and Paradissis, Demitris and Parsons, Barry and Pyle, David M. and Raptakis, Costas and Zacharis, Vangelis},
    title={Evolution of Santorini Volcano dominated by episodic and rapid fluxes of melt from depth},
    journal={Nature Geosci},
    year={2012},
    month={Oct},
    publisher={Nature Publishing Group},
    volume={5},
    number={10},
    pages={749-754},
    issn={1752-0894},
    doi={10.1038/ngeo1562},
    url={http://dx.doi.org/10.1038/ngeo1562}
}

@article{Ganas201362,
    title = "GPS-derived estimates of crustal deformation in the central and north Ionian Sea, Greece: 3-yr results from \{NOANET\} continuous network data ",
    journal = "Journal of Geodynamics ",
    volume = "67",
    number = "",
    pages = "62 - 71",
    year = "2013",
    note = "\{WEGENER\} 2010 ",
    issn = "0264-3707",
    doi = "http://dx.doi.org/10.1016/j.jog.2012.05.010",
    url = "http://www.sciencedirect.com/science/article/pii/S0264370712000944",
    author = "A. Ganas and A. Marinou and D. Anastasiou and D. Paradissis and K. Papazissi and P. Tzavaras and G. Drakatos",
    keywords = "GPS",
    keywords = "Strain",
    keywords = "Seismicity",
    keywords = "Ionian Sea",
    keywords = "Greece "
}

@INPROCEEDINGS{papanikegu,
   author = {{Papanikolaou}, X. and {Anastasiou}, D. and {Marinou}, A. and 
	{Zacharis}, V. and {Paradissis}, D.},
    title = "{Routine Analysis of all available GNSS Stations in Greece: Processing Scheme and Dissemination of Products and Data.}",
booktitle = {EGU General Assembly Conference Abstracts},
     year = 2015,
   series = {EGU General Assembly Conference Abstracts},
   volume = 17,
    month = apr,
      eid = {5745},
    pages = {5745},
   adsurl = {http://adsabs.harvard.edu/abs/2015EGUGA..17.5745P},
  adsnote = {Provided by the SAO/NASA Astrophysics Data System}
}

@INPROCEEDINGS{anastacep,
	author={Anastasiou, D. and Chouliaras, G. and Papanikolaou, X and Marinou, A. and Zacharis, E. and Galanis, J. and Drakatos, G. and Paradissis, D.},
	title ={Geodetic and seismological analysis of the January 26, 2014 Cephalonia Island earthquake sequence.},
	year={2015},
	booktitle={26th General Assembly of the International Union of Geodesy and Geophysics},
}

@article {GRL50066,
	author = {Papoutsis, I. and Papanikolaou, X. and Floyd, M. and Ji, K. H. and Kontoes, C. and Paradissis, D. and Zacharis, V.},
	title = {Mapping inflation at Santorini volcano, Greece, using GPS and InSAR},
	journal = {Geophysical Research Letters},
	volume = {40},
	number = {2},
	issn = {1944-8007},
	url = {http://dx.doi.org/10.1029/2012GL054137},
	doi = {10.1029/2012GL054137},
	pages = {267--272},
	keywords = {Tectonic deformation, Interferometry, Remote sensing of volcanoes, Volcano monitoring, Santorini, SBAS, PSI, GPS, Inflation},
	year = {2013},
}

@INPROCEEDINGS{mitseuref,
	author={Anastasiou, D. and Papanikolaou, X and Marinou, A. and Zacharis, E. and Alatza, A. and Paradissis, D.},
	title ={GNSS processing at DSO: recent activity and current status.},
	year={2015},
	booktitle={EUREF ANALYSIS CENTER WORKSHOP | AIU BERN, SWITZERLAND },
}
