@Article{Liu_2023,
  author    = {Liu, Chengli and Lay, Thorne and Wang, Rongjiang and Taymaz, Tuncay and Xie, Zujun and Xiong, Xiong and Irmak, Tahir Serkan and Kahraman, Metin and Erman, Ceyhun},
  journal   = {Nature Communications},
  title     = {Complex multi-fault rupture and triggering during the 2023 earthquake doublet in southeastern Türkiye},
  year      = {2023},
  issn      = {2041-1723},
  month     = sep,
  number    = {1},
  volume    = {14},
  doi       = {10.1038/s41467-023-41404-5},
  publisher = {Springer Science and Business Media LLC},
}

@Article{Melgar_2023,
  author    = {Melgar, Diego and Taymaz, Tuncay and Ganas, Athanassios and Crowell, Brendan and Öcalan, Taylan and Kahraman, Metin and Tsironi, Varvara and Yolsal-Çevikbil, Seda and Valkaniotis, Sotiris and Irmak, Tahir Serkan and Eken, Tuna and Erman, Ceyhun and Özkan, Berkan and Dogan, Ali Hasan and Altuntaş, Cemali},
  journal   = {Seismica},
  title     = {Sub- and super-shear ruptures during the 2023 Mw 7.8 and Mw 7.6 earthquake doublet in SE Türkiye},
  year      = {2023},
  issn      = {2816-9387},
  month     = mar,
  number    = {3},
  volume    = {2},
  doi       = {10.26443/seismica.v2i3.387},
  publisher = {McGill University Library and Archives},
}

@Article{Geng_2019,
  author    = {Geng, Jianghui and Chen, Xingyu and Pan, Yuanxin and Mao, Shuyin and Li, Chenghong and Zhou, Jinning and Zhang, Kunlun},
  journal   = {GPS Solutions},
  title     = {PRIDE PPP-AR: an open-source software for GPS PPP ambiguity resolution},
  year      = {2019},
  issn      = {1521-1886},
  month     = jul,
  number    = {4},
  volume    = {23},
  doi       = {10.1007/s10291-019-0888-1},
  publisher = {Springer Science and Business Media LLC},
}

@Comment{jabref-meta: databaseType:bibtex;}
